@book{mitigatingbias.ml,
    author    = {Leena Murgai},
    title     = {Mitigating Bias in Machine Learning},
    publisher = {mitigatingbias.ml},
    year      = {2022},
    note      = {\url{http://www.mitigatingbias.ml}}
}